<record><leader>00000cas a22000007a 4500</leader><controlfield tag="001">18763023</controlfield><controlfield tag="008">881115d18791881nyudn ne      0    0eng d</controlfield><datafield ind1=" " ind2=" " tag="010"><subfield code="a">sn 88073043 </subfield></datafield><datafield ind1=" " ind2=" " tag="040"><subfield code="a">YOX</subfield><subfield code="b">eng</subfield><subfield code="c">YOX</subfield><subfield code="d">NLG</subfield><subfield code="d">NYS</subfield><subfield code="d">CRL</subfield><subfield code="d">KRTAS</subfield><subfield code="d">OCLCQ</subfield><subfield code="d">OCLCF</subfield><subfield code="d">OCLCO</subfield></datafield><datafield ind1=" " ind2=" " tag="042"><subfield code="a">msc</subfield></datafield><datafield ind1=" " ind2=" " tag="043"><subfield code="a">n-us-ny</subfield></datafield><datafield ind1="0" ind2=" " tag="130"><subfield code="a">Evening mail (New York, N.Y. : 1879)</subfield></datafield><datafield ind1="1" ind2="4" tag="245"><subfield code="a">The evening mail.</subfield></datafield><datafield ind1=" " ind2=" " tag="260"><subfield code="a">New York [N.Y. :</subfield><subfield code="b">s.n.],</subfield><subfield code="c">1879-1881.</subfield></datafield><datafield ind1=" " ind2=" " tag="300"><subfield code="a">5 v.</subfield></datafield><datafield ind1=" " ind2=" " tag="310"><subfield code="a">Daily (except Sun.)</subfield></datafield><datafield ind1="0" ind2=" " tag="362"><subfield code="a">Vol. 24, no. 3863 (Oct. 11, 1879)-v. 28, no. 4524 (Dec. 3, 1881).</subfield></datafield><datafield ind1=" " ind2=" " tag="530"><subfield code="a">Also issued on microfilm from the New York Public Library.</subfield></datafield><datafield ind1=" " ind2="0" tag="651"><subfield code="a">New York (N.Y.)</subfield><subfield code="v">Newspapers.</subfield></datafield><datafield ind1=" " ind2="7" tag="655"><subfield code="a">Newspapers.</subfield><subfield code="2">fast</subfield><subfield code="0">(OCoLC)fst01423814</subfield></datafield><datafield ind1=" " ind2="7" tag="651"><subfield code="a">New York (State)</subfield><subfield code="z">New York.</subfield><subfield code="2">fast</subfield><subfield code="0">(OCoLC)fst01204333</subfield></datafield><datafield ind1=" " ind2=" " tag="752"><subfield code="a">United States</subfield><subfield code="b">New York</subfield><subfield code="c">New York</subfield><subfield code="d">New York.</subfield></datafield><datafield ind1="0" ind2=" " tag="775"><subfield code="t">New York weekly mail</subfield><subfield code="w">(DLC)sn 85025597</subfield><subfield code="w">(OCoLC)11821572</subfield></datafield><datafield ind1="0" ind2="0" tag="780"><subfield code="t">Mail (New York, N.Y. : 1878)</subfield><subfield code="w">(DLC)sn 83030191</subfield><subfield code="w">(OCoLC)9368417</subfield></datafield><datafield ind1="0" ind2="7" tag="785"><subfield code="t">New York evening express</subfield><subfield code="w">(DLC)sn 83030103</subfield><subfield code="w">(OCoLC)9369125</subfield></datafield><datafield ind1="0" ind2="7" tag="785"><subfield code="t">Mail and express (New York, N.Y. : 1881)</subfield><subfield code="w">(DLC)sn 83030188</subfield><subfield code="w">(OCoLC)9367870</subfield></datafield><datafield ind1=" " ind2=" " tag="938"><subfield code="a">Kirtas Technologies, Inc.</subfield><subfield code="b">KRTS</subfield><subfield code="n">740221</subfield></datafield></record>